% Anleitungen %%%%%%%%%%%%%%%%%%%%%%%%%%%%%%%%%%%%%%%%%%%%%%%%%%%%%%%%%

@manual{V,
  author = {TU Dortmund},
  title  = {Versuchsanleitung zu Versuch Nr. TITLE},
  year = 2021
}

@manual{V27,
  author = {TU Dortmund},
  title  = {Versuchsanleitung zu Versuch Nr. 27 Zeeman Effekt},
  year = 2021
}

@manual{V49,
  author = {TU Dortmund},
  title  = {Versuchsanleitung zu Versuch Nr. 49 gepulste NMR},
  year = 2021
}

@manual{V48,
  author = {TU Dortmund},
  title  = {Versuchsanleitung zu Versuch Nr. 48 Dipolrelaxation in Ionenkristallen},
  year = 2021
}

@manual{Mikro,
  author = {TU Dortmund},
  title  = {Experimente mit Mikrowellen 1}
}

@manual{V64,
  author = {TU Dortmund},
  title  = {Versuchsanleitung zu Versuch Nr. 64},
  year = 2021
}

@manual{Finke_Skript,
  author = {TU Dortmund},
  title  = {Messung von Diffusionskonstanten
  mittels gepulster Kernspinresonanz},
  year = 2021
}

@techreport{winter1977bestimmung,
  title={Bestimmung von Defekten in den Komplexionen von $\text{K}_2$ [$\text{SnCl}_6 $] mit Hilfe der Dipolrelaxation bei Phasenumwandlungen},
  author={Winter, J{\"o}rg},
  year={1977},
  institution={Publikationen vor 2000}
}

% Programme %%%%%%%%%%%%%%%%%%%%%%%%%%%%%%%%%%%%%%%%%%%%%%%%%%%%%

@article{matplotlib,
  author = "Hunter, John D.",
  title = "{Matplotlib}: A {2D} Graphics Environment",
  publisher = "IEEE",
  year = "2007",
  journal = "Computing in Science \& Engineering",
  volume = "9",
  number = "3",
  pages = "90--95",
  url = "http://matplotlib.org/",
  version = "1.4.3",
}

@article{numpy,
  author = "Oliphant, Travis E.",
  title = "{NumPy}: {Python} for Scientific Computing",
  publisher = "IEEE",
  year = "2007",
  journal = "Computing in Science \& Engineering",
  volume = "9",
  number = "3",
  pages = "10--20",
  url = "http://www.numpy.org/",
  version = "1.9.2",
}


@software{scipy,
  author = "Jones, Eric and Oliphant, Travis E. and Peterson, Pearu and others",
  title = "{SciPy}: Open source scientific tools for {Python}",
  url = "http://www.scipy.org/",
  version = "0.16.0",
}
@software{scipyConst,
  author = "Jones, Eric and Oliphant, Travis E. and Peterson, Pearu and others",
  title = "{SciPy}: Open source scientific tools for {Python}",
  url = "http://www.scipy.org/",
  version = "0.16.0",
  note = "[Konstante entnommen aus Packet scipy.constants]"
}

@software{uncertainties,
  author = "Lebigot, Eric O.",
  title = "Uncertainties: a Python package for calculations with uncertainties",
  url = "http://pythonhosted.org/uncertainties/",
  version = "2.4.6.1"
}

@software{GIMP,
  author = "Kimball, Spencer and Mattis, Peter and GIMP Development Team",
  title = "GIMP - GNU Image Manipulation Program",
  url = "https://www.gimp.org/",
  version = "2.10.22"
}


% Internetquellen %%%%%%%%%%%%%%%%%%%%%%%%%%%%%%%%%%%%%%%%%%%%%%%%%%%%%%%%%%%%%%%%%%%%%%%%%%%%%

@misc{Xray,
  author       = "National Institute of Standards and Technology",
  title        = "X-ray Transition Energies Database",
  howpublished = "\url{https://physics.nist.gov/PhysRefData/XrayTrans/Html/search.html}",
  note         = "[Online; besucht am 2020]"
}

@misc{KBr,
  author       = "Goran tek-en",
  title        = "Struktur von Kaliumbromid",
  howpublished = "\url{https://upload.wikimedia.org/wikipedia/commons/4/44/NaCl_polyhedra.svg}",
  note         = "[Online; besucht am 10.07.2021]"
}

@misc{nAir,
  author       = "Rainer Stumpe",
  title        = "Refraktion - Brechungsindices fpr unterschiedliche Stoffe",
  howpublished = "\url{http://www.rainerstumpe.de/HTML/refraktion.html}",
  note         = "[Online; besucht am 26.05.2021]"
}


@misc{mikroschaden,
  author       = "rockpop",
  title        = "Gesundheitsschäden durch militärische Radaranlagen",
  howpublished = "\url{https://www.mta-r.de/blog/gesundheitsschaeden-durch-militaerische-radaranlagen/}",
  note         = "[Online; zuletzt besucht am 03.07.2021]"
}

@misc{rollkeZeeman,
  author       = "Rollke, Sebastian and Brenner, Daniel",
  title        = "Physikalisches Anfängerpraktikum: Versuch 607 - Der Zeeman Effekt - Korrektur",
  howpublished = "\url{http://www.rollke.com/physik/607.pdf}",
  month        = "7",
  year         = "2005",
  note         = "[Online; zuletzt besucht am 03.07.2021]"
}


% Buchquellen %%%%%%%%%%%%%%%%%%%%%%%%%%%%%%%%%%%%%%%%%%%%%%%%%%%%%%%%%%%%

@incollection{hecht2018optik,
  title={Optik},
  author={Hecht, Eugene},
  booktitle={Optik},
  year={2018},
  publisher={de Gruyter}
}

@misc{experimentalphysik2,
  title={2, Elektrizit{\"a}t und Optik},
  author={Experimentalphysik, W Demtr{\"o}der},
  year={2017},
  publisher={Springer-Verlag}
}

@incollection{nGlas,
  title={Taschenbuch für Chemiker und Physiker},
  author={D'Ans, J. and Lax, E.},
  booktitle={Taschenbuch für Chemiker und Physiker},
  year={1949},
  pages={1358},
}

% Artikel

@article{chang1972spin,
  title={Spin echo studies on cellular water},
  author={Chang, DC and Hazlewood, CF and Nichols, BL and Rorschach, HE},
  journal={Nature},
  volume={235},
  number={5334},
  pages={170--171},
  year={1972},
  publisher={Nature Publishing Group}
}

@article{jannachexperimente,
  title={Experimente mit der Mikrowelle},
  author={Jannach, Andreas},
  url = "https://www.tugraz.at/fileadmin/user_upload/Institute/IEP/Thermophysics_Group/Files/Experimente_mit_der_Mikrowelle_-_Jannach_Andreas.pdf",
  year = "2018"
}

@article{muccillo1974effect,
  title={Effect of Irradiation on Impurity--Vacancy Dipoles in KBr Crystals Doped with Strontium},
  author={Muccillo, R and Rolfe, J},
  journal={physica status solidi (b)},
  volume={61},
  number={2},
  pages={579--587},
  year={1974},
  publisher={Wiley Online Library}
}